@article{IEEE:08,
	journal = {IEEE Std 1003.1-2008 (Revision of IEEE Std 1003.1-2004)},
	title   = {IEEE Standard for Information Technology- Portable Operating System Interface (POSIX) Base Specifications, Issue 7},
	year    = {2008},
	month   = {Dec},
	pages   = {c1-3826},
	doi     = {10.1109/IEEESTD.2008.4694976},
}
	
@book{Bach:86,
	author    = {Bach, Maurice J.},
	title     = {The Design of the UNIX Operating System},
	year      = {1986},
	isbn      = {0-13-201799-7},
	publisher = {Prentice-Hall, Inc.},
	address   = {Upper Saddle River, NJ, USA},
}